<?xml version="1.0" encoding="utf-8"?>
<record xmlns="http://www.loc.gov/MARC21/slim" xmlns:xsi="http://www.w3.org/2001/XMLSchema-instance" xsi:schemaLocation="http://www.loc.gov/MARC21/slim http://www.loc.gov/standards/marcxml/schema/MARC21slim.xsd">
	<leader>     nam a22        4500</leader>
	<controlfield tag="001">b12329071</controlfield>
	<controlfield tag="003">LeBAU</controlfield>
	<controlfield tag="006">m        d        </controlfield>
	<controlfield tag="007">cr cn |||m|||a</controlfield>
	<controlfield tag="008">170509s1947    ua      ob    ||1 0 ara d</controlfield>
	<datafield ind1=" " ind2=" " tag="040">
		<subfield code="a">NNU</subfield>
		<subfield code="b">ara</subfield>
		<subfield code="e">rda</subfield>
		<subfield code="c">NNU</subfield>
	</datafield>
	<datafield ind1="1" ind2=" " tag="041">
		<subfield code="a">ara</subfield>
		<subfield code="h">eng</subfield>
	</datafield>
	<datafield ind1=" " ind2="4" tag="050">
		<subfield code="a">BP170.3</subfield>
		<subfield code="b">.A7125 1947</subfield>
	</datafield>
	<datafield ind1="0" ind2="4" tag="082">
		<subfield code="a">297</subfield>
		<subfield code="2">22</subfield>
	</datafield>
	<datafield ind1="1" ind2=" " tag="100">
		<subfield code="6">880-01</subfield>
		<subfield code="a">Arnold, Thomas Walker,</subfield>
		<subfield code="c">Sir,</subfield>
		<subfield code="d">1864-1930,</subfield>
		<subfield code="e">author.</subfield>
	</datafield>
	<datafield ind1="1" ind2="0" tag="240">
		<subfield code="a">Preaching of Islam.</subfield>
		<subfield code="l">Arabic</subfield>
	</datafield>
	<datafield ind1="1" ind2="3" tag="245">
		<subfield code="6">880-02</subfield>
		<subfield code="a">al-Daʻwah ilá al-Islām :</subfield>
		<subfield code="b">baḥth fī tārīkh nashr al-ʻaqīdah al-Islāmīyah /</subfield>
		<subfield code="c">tarjamahu ilá al-‘Arabīyah Ḥasan Ibrāhīm Ḥasan, ra’īs qism al-tārīkh bi-Jāmi‘at Fu’ād al-Awwal, ‘Abd al-Majīd ‘Ābdīn, mudarris bi-Kulliyat Fardūn bi-al-Kharṭūm, Ismā‘il al-Naḥrāwī, bi-Maktabat Jāmi‘at Fu’ād al-Awwal.</subfield>
	</datafield>
	<datafield ind1=" " ind2="1" tag="264">
		<subfield code="6">880-03</subfield>
		<subfield code="a">al-Qāhirah :</subfield>
		<subfield code="b">Maktabat al-Nahḍah al-Miṣrīyah,</subfield>
		<subfield code="c">1947.</subfield>
	</datafield>
	<datafield ind1=" " ind2=" " tag="300">
		<subfield code="6">880-04</subfield>
		<subfield code="a">online resource (392 pages)</subfield>
	</datafield>
	<datafield ind1=" " ind2=" " tag="336">
		<subfield code="a">text</subfield>
		<subfield code="2">rdacontent</subfield>
	</datafield>
	<datafield ind1=" " ind2=" " tag="337">
		<subfield code="a">computer</subfield>
		<subfield code="2">rdamedia</subfield>
	</datafield>
	<datafield ind1=" " ind2=" " tag="338">
		<subfield code="a">online resource</subfield>
		<subfield code="2">rdacarrier</subfield>
	</datafield>
	<datafield ind1=" " ind2=" " tag="500">
		<subfield code="a">Non-Latin script record</subfield>
	</datafield>
	<datafield ind1=" " ind2=" " tag="500">
		<subfield code="a">Non-Latin script record</subfield>
	</datafield>
	<datafield ind1=" " ind2=" " tag="500">
		<subfield code="a">Part of the Arabic Collections Online (ACO) project, contributed by American University of Beirut's Jafet Memorial Library.</subfield>
	</datafield>
	<datafield ind1=" " ind2=" " tag="533">
		<subfield code="a">Electronic reproduction.</subfield>
		<subfield code="b">New York, N.Y. :</subfield>
		<subfield code="c">New York University,</subfield>
		<subfield code="d">2017.</subfield>
		<subfield code="5">NNU</subfield>
	</datafield>
	<datafield ind1=" " ind2="0" tag="650">
		<subfield code="6">880-05</subfield>
		<subfield code="a">Da'wah (Islam)</subfield>
	</datafield>
	<datafield ind1=" " ind2="0" tag="650">
		<subfield code="6">880-06</subfield>
		<subfield code="a">Islam</subfield>
		<subfield code="x">Relations.</subfield>
	</datafield>
	<datafield ind1="1" ind2=" " tag="700">
		<subfield code="6">880-07</subfield>
		<subfield code="a">Ḥasan, Ḥasan Ibrāhīm,</subfield>
		<subfield code="e">translator.</subfield>
	</datafield>
	<datafield ind1="1" ind2=" " tag="700">
		<subfield code="6">880-08</subfield>
		<subfield code="a">ʻĀbidīn, ʻAbd al-Majīd,</subfield>
		<subfield code="e">translator.</subfield>
	</datafield>
	<datafield ind1="1" ind2=" " tag="700">
		<subfield code="6">880-09</subfield>
		<subfield code="a">Naḥrāwī, Ismā‘īl,</subfield>
		<subfield code="e">translator.</subfield>
	</datafield>
	<datafield ind1="2" ind2=" " tag="710">
		<subfield code="a">Jafet Memorial Library.</subfield>
	</datafield>
	<datafield ind1="0" ind2=" " tag="730">
		<subfield code="a">Arabic Collections Online.</subfield>
	</datafield>
	<datafield ind1="0" ind2=" " tag="765">
		<subfield code="6">880-10</subfield>
		<subfield code="a">Translation of (work):</subfield>
		<subfield code="t">The preaching of Islam : a history of the propagation of the Muslim faith</subfield>
		<subfield code="d">New York : C. Scribners Sons, 1913</subfield>
		<subfield code="w">b10484954</subfield>
		<subfield code="w">(OCoLC)226223428</subfield>
	</datafield>
	<datafield ind1="0" ind2=" " tag="765">
		<subfield code="6">880-11</subfield>
		<subfield code="a">Translation of (work):</subfield>
		<subfield code="t">The preaching of Islam : a history of the propagation of the Muslim faith</subfield>
		<subfield code="d">London : Luzac, 1935</subfield>
		<subfield code="w">b10484978</subfield>
		<subfield code="w">(OCoLC)06439650</subfield>
	</datafield>
	<datafield ind1="0" ind2="8" tag="776">
		<subfield code="i">Print version:</subfield>
		<subfield code="a">Arnold, Thomas Walker, Sir, 1864-1930, author.</subfield>
		<subfield code="t">al-Daʻwah ilá al-Islām</subfield>
		<subfield code="w">(LeBAU)b12329071</subfield>
	</datafield>
	<datafield ind1="4" ind2="0" tag="856">
		<subfield code="u">http://hdl.handle.net/2333.1/9kd51hr0</subfield>
	</datafield>
	<datafield ind1="1" ind2=" " tag="880">
		<subfield code="6">100-01/r</subfield>
		<subfield code="a">ارنولد، توماس والكر،</subfield>
		<subfield code="c">السير،</subfield>
		<subfield code="d">1864-1930،</subfield>
		<subfield code="e">مؤلف.</subfield>
		<subfield code="4">aut.</subfield>
	</datafield>
	<datafield ind1="1" ind2="2" tag="880">
		<subfield code="6">245-02/r</subfield>
		<subfield code="a">الدعوة إلى الإسلام :</subfield>
		<subfield code="c">تأليف سير ت. و. أرنولد ؛ ترجمه إلى العربية حسن إبراهيم حسن، رئيس قسم التاريخ بجامعة فؤاد الأول، عبد المجيد عابدين، مدرس بكلية فردون بالخرطوم، إسماعيل النحراوي، بمكتبة جامعة فؤاد الأول.</subfield>
	</datafield>
	<datafield ind1=" " ind2="1" tag="880">
		<subfield code="6">264-03/r</subfield>
		<subfield code="a">القاهرة :</subfield>
		<subfield code="b">مكتبة النهضة المصرية،</subfield>
		<subfield code="c">1947.</subfield>
	</datafield>
	<datafield ind1=" " ind2=" " tag="880">
		<subfield code="6">300-04/r</subfield>
		<subfield code="a">392 صفحة ؛</subfield>
		<subfield code="c">25 سم</subfield>
	</datafield>
	<datafield ind1=" " ind2=" " tag="880">
		<subfield code="6">504-00/r</subfield>
		<subfield code="a">يتضمن مراجع ببليوغرافية (صفحة 364-377) وكشاف.</subfield>
	</datafield>
	<datafield ind1=" " ind2="4" tag="880">
		<subfield code="6">650-05/r</subfield>
		<subfield code="a">الدعوة (الاسلام)</subfield>
	</datafield>
	<datafield ind1=" " ind2="4" tag="880">
		<subfield code="6">650-06/r</subfield>
		<subfield code="a">الاسلام</subfield>
		<subfield code="x">علاقات.</subfield>
	</datafield>
	<datafield ind1="1" ind2=" " tag="880">
		<subfield code="6">700-07/r</subfield>
		<subfield code="a">حسن، حسن ابراهيم،</subfield>
		<subfield code="e">مترجم.</subfield>
		<subfield code="4">trl.</subfield>
	</datafield>
	<datafield ind1="1" ind2=" " tag="880">
		<subfield code="6">700-08/r</subfield>
		<subfield code="a">عابدين، عبد المجيد،</subfield>
		<subfield code="e">مترجم.</subfield>
		<subfield code="4">trl.</subfield>
	</datafield>
	<datafield ind1="1" ind2=" " tag="880">
		<subfield code="6">700-09/r</subfield>
		<subfield code="a">النحراوي، اسماعيل،</subfield>
		<subfield code="e">مترجم.</subfield>
		<subfield code="4">trl.</subfield>
	</datafield>
	<datafield ind1="0" ind2=" " tag="880">
		<subfield code="6">765-10/r</subfield>
		<subfield code="i">ترجمة كتاب (عمل):</subfield>
		<subfield code="t">The preaching of Islam : a history of the propagation of the Muslim faith</subfield>
		<subfield code="d">London : Luzac, 1935</subfield>
		<subfield code="w">(OCoLC)06439650</subfield>
		<subfield code="w">(OCoLC)06439650</subfield>
		<subfield code="a">Translation of (work):</subfield>
	</datafield>
	<datafield ind1="0" ind2=" " tag="880">
		<subfield code="6">765-11/r</subfield>
		<subfield code="i">ترجمة كتاب (عمل):</subfield>
		<subfield code="t">The preaching of Islam : a history of the propagation of the Muslim faith</subfield>
		<subfield code="d">New York : C. Scribners Sons, 1913</subfield>
		<subfield code="w">(OCoLC)226223428</subfield>
		<subfield code="w">(OCoLC)226223428</subfield>
		<subfield code="a">Translation of (work):</subfield>
	</datafield>
	<datafield ind1=" " ind2=" " tag="959">
		<subfield code="a">NNU</subfield>
		<subfield code="b">WEB</subfield>
		<subfield code="c">GENI</subfield>
		<subfield code="t">0</subfield>
		<subfield code="m">Electronic access</subfield>
		<subfield code="s">01</subfield>
	</datafield>
	<datafield ind1=" " ind2=" " tag="999">
		<subfield code="i">LeBAU_b12329071</subfield>
		<subfield code="s">aub_aco000736</subfield>
		<subfield code="e">(ERROR-880)(ERROR-MISC)</subfield>
		<subfield code="s">aub_aco000736</subfield>
	</datafield>
</record>
